# 在此直接复制GB/T 7714－2015 bib条目，第一行内容为在正文引用\cite{}的关键词
# 推荐使用百度学术生成GB/T 7714－2015 bib条目

@misc{JMAG,

   author = {enderfga},

   title = {Motor simulation analysis based on JMAG software},

   howpublished = {\url{https://enderfga.cn/2023/01/13/mach}}

}

@misc{JMAG-Course,

    author = {Qing},

    title = {JMAG Basic Training tutorial series},

    howpublished = {\url{https://www.bilibili.com/video/BV1Zs4y1L7nS?p=7&vd_source=0b9cca431f65b84627b0251721c328db}}

}

@misc{IDAJ,

    author = {IDAJ中国电磁小组},

    title = {JMAG用户基础培训2020},
}

@misc{JMAG-C2,

    author = {JMAG Company},

    title = {【针对全用户群】JMAG-Designer入门讲座2},
}

@misc{JMAG-C3,

    author = {JMAG Company},

    title = {【针对全用户群】JMAG-Designer入门讲座3},
}